<record><leader>00000cas a22000007a 4500</leader><controlfield tag="001">13210416</controlfield><controlfield tag="008">860228d185518uunjuwr ne      0    0eng d</controlfield><datafield ind1=" " ind2=" " tag="010"><subfield code="a">sn 85035921 </subfield></datafield><datafield ind1=" " ind2=" " tag="040"><subfield code="a">NPA</subfield><subfield code="b">eng</subfield><subfield code="c">NPA</subfield><subfield code="d">OCLCQ</subfield></datafield><datafield ind1=" " ind2=" " tag="042"><subfield code="a">msc</subfield></datafield><datafield ind1="0" ind2="4" tag="245"><subfield code="a">The City gazette. And Hudson County chronicle and cultivator.</subfield></datafield><datafield ind1="1" ind2="7" tag="246"><subfield code="a">City gazette</subfield></datafield><datafield ind1="3" ind2="0" tag="246"><subfield code="a">Hudson County chronicle and cultivator</subfield></datafield><datafield ind1=" " ind2=" " tag="260"><subfield code="a">Hoboken [N.J. :</subfield><subfield code="b">s.n.]</subfield></datafield><datafield ind1=" " ind2=" " tag="300"><subfield code="a">v. ;</subfield><subfield code="c">23 cm.</subfield></datafield><datafield ind1=" " ind2=" " tag="310"><subfield code="a">Weekly</subfield></datafield><datafield ind1="1" ind2=" " tag="362"><subfield code="a">Began in Oct. 1855.</subfield><subfield code="z">Cf. Wright, W.C. and Stellhorn, P.A. Direct. of N.J. newspapers.</subfield></datafield><datafield ind1=" " ind2=" " tag="580"><subfield code="a">Continues: Hoboken gazette, and continued by: Circuit judge. Cf. Wright, W.C. and Stellhorn, P.A. Direct. of N.J. newspapers.</subfield></datafield><datafield ind1=" " ind2=" " tag="588"><subfield code="a">Description based on: Vol. 5, no. 27 (Oct. 16, 1858).</subfield></datafield><datafield ind1=" " ind2=" " tag="752"><subfield code="a">United States</subfield><subfield code="b">New Jersey</subfield><subfield code="c">Hudson</subfield><subfield code="d">Hoboken.</subfield></datafield><datafield ind1="1" ind2="0" tag="780"><subfield code="t">Hoboken gazette</subfield></datafield><datafield ind1="1" ind2="0" tag="785"><subfield code="t">Circuit judge</subfield></datafield><datafield ind1="1" ind2=" " tag="029"><subfield code="a">AU@</subfield><subfield code="b">000025787172</subfield></datafield></record>